@book{Fundamentals-of-Microelectronics,
	author = {Behzad Razavi},
	title = {Fundamentals of Microelectronics},
	year = {2013},
	publisher = {Wiley},
	address = {New York},
	edition = {2nd}
}

@misc{Lab-statement,
	author = {Prof},
	title = {Title},
	institution = {Department of Electrical and Computer Engineering, Nova School of Science and Technology, NOVA University of Lisbon},
	year = {2024}
}

@misc{Active-Low-Pass-Filter-Design,
	author = {Jim Karki},
	title = {Active Low-Pass Filter Design},
	publisher = {Texas Instruments},
	year = {2023}
}

@misc{mcp-datasheet,
	author = {Microchip Technology},
	title = {MCP6001/2/4},
	howpublished = {\url{https://www.microchip.com/wwwproducts/en/MCP6001}},
	year = {2019}
}

@misc{ESP32-datasheet,
	author = {Espressif Systems},
	title = {ESP32 Series Datasheet},
	howpublished = {\url{https://www.espressif.com/sites/default/files/documentation/esp32_datasheet_en.pdf}},
	year = {2024}
}

@misc{Active-Filter-Design-Techniques,
	author = {Thomas Kugelstadt},
	title = {Active Filter Design Techniques},
	howpublished = {\url{https://www2.seas.gwu.edu/~ece121/Spring-11/filterdesign.pdf}},
	year = {2001}
}

@book{RF-Circuit-Design-Pavel,
	author = {Reinhold Ludwig and Pavel Breichko},
	title = {RF Circuit Design: Theory and Applications},
	year = {2000},
	publisher = {Worcester Polytechnic Institute}
}

@book{Pozar,
	author = {David M. Pozar},
	title = {Microwave engineering},
	year = {2012},
	edition = {4th},
	publisher = {John Wiley and Sons, Inc}
}

