@book{Fundamentals-of-Microelectronics,
	author = {Behzad Razavi},
	title = {Fundamentals of Microelectronics},
	year = {2013},
	publisher = {Wiley},
	address = {New York},
	edition = {2nd}
}

@misc{Lab-statement,
	author = {Prof},
	title = {Title},
	institution = {Department of Electrical and Computer Engineering, Nova School of Science and Technology, NOVA University of Lisbon},
	year = {2024}
}

@misc{Active-Low-Pass-Filter-Design,
	author = {Jim Karki},
	title = {Active Low-Pass Filter Design},
	publisher = {Texas Instruments},
	year = {2023}
}

@book{AnalogCircDesign,
  author    = {Tony Chan Carusone and David A. Johns and Kenneth W. Martin},
  title     = {Analog Integrated Circuit Design},
  edition   = {2},
  year      = {2012},
  publisher = {John Wiley \& Sons},
  address   = {Hoboken, NJ},
  isbn      = {9780470770108}
}


@misc{mcp-datasheet,
	author = {Microchip Technology},
	title = {MCP6001/2/4},
	howpublished = {\url{https://www.microchip.com/wwwproducts/en/MCP6001}},
	year = {2019}
}

@misc{ESP32-datasheet,
	author = {Espressif Systems},
	title = {ESP32 Series Datasheet},
	howpublished = {\url{https://www.espressif.com/sites/default/files/documentation/esp32_datasheet_en.pdf}},
	year = {2024}
}

@misc{Active-Filter-Design-Techniques,
	author = {Thomas Kugelstadt},
	title = {Active Filter Design Techniques},
	howpublished = {\url{https://www2.seas.gwu.edu/~ece121/Spring-11/filterdesign.pdf}},
	year = {2001}
}

@book{RF-Circuit-Design-Pavel,
	author = {Reinhold Ludwig and Pavel Breichko},
	title = {RF Circuit Design: Theory and Applications},
	year = {2000},
	publisher = {Worcester Polytechnic Institute}
}

@book{Pozar,
	author = {David M. Pozar},
	title = {Microwave engineering},
	year = {2012},
	edition = {4th},
	publisher = {John Wiley and Sons, Inc}
}

@book{Gillermo-Gonzalez,
	author = {Guillermo Gonzalez},
	title = {Microwave Transistor Amplifiers: Analysis and Design},
	year = {1997},
	edition = {2nd},
	publisher = {Prentice Hall}
}

@misc{Slides,
	author = {Lu√≠s Oliveira},
	title = {Class Slides},
	institution = {Department of Electrical and Computer Engineering, Nova School of Science and Technology, NOVA University of Lisbon},
	year = {2025}
}


@article{Blaakmeer2008,
	author = {Stephan C. Blaakmeer and Eric A. M. Klumperink and Domine M. W. Leenaerts and Bram Nauta},
	title = {Wideband Balun-LNA With Simultaneous Output Balancing, Noise-Canceling and Distortion-Canceling},
	journal = {IEEE Journal of Solid-State Circuits},
	volume = {43},
	number = {6},
	pages = {1341--1349},
	year = {2008},
	doi = {10.1109/JSSC.2008.922736},
	publisher = {IEEE}
}

@article{Bastos2014,
	author = {I. Bastos and L. B. Oliveira and J. Goes and M. Silva},
	title = {A Low Power Balun LNA With Active Loads for Gain and Noise Figure Optimization},
	journal = {Analog Integrated Circuits and Signal Processing},
	volume = {81},
	pages = {693--702},
	year = {2014},
	doi = {10.1007/s10470-014-0426-6},
	publisher = {Springer}
}

